@online{Lensegua,
  author = {{Lensegua}},
  title = {Lensegua - Lenguaje de Señas de Guatemala},
  year = {s.f.},
  url = {https://lensegua.com/},
  urldate = {2024}
}

@online{LenseguaHistoria,
  author = {{Congreso de Guatemala}},
  title = {Noticia del Congreso sobre la Ley Lensegua},
  year = {2021},
  url = {https://www.congreso.gob.gt/noticias_congreso/7190/2021/4#gsc.tab=0},
  urldate = {2024}
}

@book{Linux,
  author = {Christopher Negus},
  title = {Linux Bible},
  year = {2020},
  publisher = {John Wiley \& Sons}
}

@online{HistoriaLinux,
  author = {{GeeksforGeeks}},
  title = {History of Linux},
  year = {2024},
  url = {https://www.geeksforgeeks.org/linux-history/},
  urldate = {2024}
}

@online{LinuxServer,
  author = {{Red Hat}},
  title = {What is a Linux server?},
  year = {s.f.},
  url = {https://www.redhat.com/en/topics/linux/linux-server},
  urldate = {2024}
}

@online{Virtualizacion,
  author = {{Techopedia}},
  title = {Virtualization: How it works},
  year = {2022},
  url = {https://www.techopedia.com/definition/654/virtualization},
  urldate = {2024}
}

@book{Virtualizacion2,
  author = {Christopher Negus},
  title = {Linux Bible},
  publisher = {John Wiley \& Sons},
  year = {2020}
}

@online{Multipass,
  author = {{Multipass}},
  title = {Multipass Documentation},
  year = {s.f.},
  url = {https://multipass.run/docs},
  urldate = {2024}
}

@online{VPN,
  author = {{Amazon Web Services}},
  title = {¿Qué es una VPN? - Explicación de las redes privadas virtuales},
  year = {s.f.},
  url = {https://aws.amazon.com/es/what-is/vpn/},
  urldate = {2024}
}

@online{Relacionales,
  author = {{IBM}},
  title = {¿Qué es una base de datos relacional?},
  year = {s.f.},
  url = {https://www.ibm.com/mx-es/topics/relational-databases},
  urldate = {2024}
}

@book{Postgres,
  author = {Bruce Momjian},
  title = {PostgreSQL: Introduction and Concepts},
  year = {2000},
  publisher = {Addison-Wesley}
}

@online{ArquitecturaDatos,
  author = {{IBM}},
  title = {Data Architecture Overview},
  year = {s.f.},
  url = {https://www.ibm.com/cloud/learn/data-architecture},
  urldate = {2024}
}

@online{API,
  author = {{Amazon Web Services}},
  title = {¿Qué es una API? - Explicación de interfaz de programación de aplicaciones},
  year = {s.f.},
  url = {https://aws.amazon.com/es/what-is/api/},
  urldate = {2024}
}

@online{UsoAPI,
  author = {{HowToGeek}},
  title = {How to Use APIs: A Guide for Beginners},
  year = {2021},
  url = {https://www.howtogeek.com/123466/how-to-use-apis/},
  urldate = {2024}
}

@online{ImplementarAPI,
  author = {{HowToGeek}},
  title = {Implementing APIs with Databases},
  year = {s.f.},
  url = {https://www.howtogeek.com/implementing-apis-databases/},
  urldate = {2024}
}

@online{ImplementarAPIDatos,
  author = {{HowToGeek}},
  title = {Sending and Receiving Data with APIs},
  year = {s.f.},
  url = {https://www.howtogeek.com/sending-receiving-data-api/},
  urldate = {2024}
}

@article{DARPA,
  author = {David D. Clark},
  title = {The design philosophy of the DARPA internet protocols},
  journal = {Computer Communication Review},
  year = {1988},
  volume = {18},
  number = {4},
  pages = {106-114},
  doi = {10.1145/52325.52336}
}

@online{pgbench,
  author = {José Segovia},
  title = {Realizar pruebas de rendimiento con pgbench},
  year = {2019},
  url = {https://www.todopostgresql.com/pgbench/#:~:text=Pgbench%20es%20un%20programa%20simple,media%20(transacciones%20por%20segundo)},
  urldate = {2024}
}

@online{StressTesting,
  author = {{Techopedia}},
  title = {Stress Testing Servers},
  year = {2022},
  url = {https://www.techopedia.com/stress-testing-servers/7/340},
  urldate = {2024}
}

@online{MonitoringTools,
  author = {{DigitalOcean}},
  title = {System Monitoring Tools: A Comprehensive Guide},
  year = {2021},
  url = {https://www.digitalocean.com/monitoring-tools/},
  urldate = {2024}
}

@online{LoadTestingTools,
  author = {{TestTool}},
  title = {Load Testing Tools: Apache JMeter, Locust, wrk},
  year = {2021},
  url = {https://www.test-tool.com/load-testing-tools/},
  urldate = {2024}
}

@online{Raid,
  author = {{Dell}},
  title = {RAID Controllers for Dell PowerEdge Servers},
  year = {s.f.},
  url = {https://www.dell.com/support/kbdoc/es-gt/000137374/descripci%C3%B3n-de-los-tipos-de-disco-duro-raid-y-controladoras-raid-en-los-servidores-dell-poweredge-y-chasis-del-servidor-blade},
  urldate = {2024}
}

@online{OpenVPNSetup,
  author = {{HowToGeek}},
  title = {How to Set Up OpenVPN on Ubuntu},
  year = {2022},
  url = {https://www.howtogeek.com/openvpn-setup-ubuntu/},
  urldate = {2024}
}

@online{Conadi2021,
  author = {{Consejo Nacional para la Atención de las Personas con Discapacidad}},
  title = {Informe sobre la población sorda en Guatemala},
  year = {2021},
  url = {https://ejemplo.com/informe-conadi},
  urldate = {2024}
}

@online{OpenVPN,
  author = {{Servicio al Cliente de NordVPN}},
  title = {¿Qué es OpenVPN?},
  year = {s.f.},
  url = {https://support.nordvpn.com/hc/es/articles/19683394518161--Qu%C3%A9-es-OpenVPN#:~:text=OpenVPN%20es%20un%20protocolo%20VPN,o%20de%20punto%20a%20punto},
  urldate = {2024}
}

@online{digitalocean_openvpn,
  author = {{DigitalOcean}},
  title = {How To Set Up and Configure an OpenVPN Server on Ubuntu 20.04},
  year = {s.f.},
  url = {https://www.digitalocean.com/community/tutorials/how-to-set-up-and-configure-an-openvpn-server-on-ubuntu-20-04},
  urldate = {2024}
}

@techreport{NISTCybersecurityFramework,
  author = {{National Institute of Standards and Technology}},
  title = {Cybersecurity Framework 2.0},
  year = {2024},
  institution = {National Institute of Standards and Technology},
  number = {NIST.CSWP.29.spa},
  url = {https://www.nist.gov/cyberframework},
  urldate = {2024}
}

@online{LynisHardeningIndex,
  author = {{Michael Boelen}},
  title = {Lynis Hardening Index},
  year = {s.f.},
  url = {https://linux-audit.com/lynis/lynis-hardening-index/},
  urldate = {2024}
}

@techreport{CISBenchmarksReport,
  author = {{Center for Internet Security}},
  title = {CIS Benchmarks: Configuration Guidelines for Security},
  year = {2024},
  institution = {Center for Internet Security},
  url = {https://www.cisecurity.org/cis-benchmarks},
  urldate = {2024},
  note = {Acceso en línea}
}

@online{LynisHardeningIndex,
  author = {{Michael Boelen}},
  title = {Lynis Hardening Index: Understanding and Improving System Security},
  year = {s.f.},
  url = {https://linux-audit.com/lynis/lynis-hardening-index/},
  urldate = {2024}
}

@techreport{HostingerCrontabTutorial,
  author = {{Hostinger}},
  title = {Sintaxis Crontab: Tutorial Completo},
  year = {2024},
  institution = {Hostinger},
  url = {https://www.hostinger.es/tutoriales/sintaxis-crontab},
  urldate = {2024},
  note = {Acceso en línea}
}

@techreport{E2ETestingOverview,
  author = {{Parasoft}},
  title = {¿Qué son las pruebas de un extremo a otro? Una descripción general completa},
  year = {2024},
  institution = {Parasoft},
  url = {https://es.parasoft.com/learning-center/end-to-end-testing-guide/},
  urldate = {2024},
  note = {Acceso en línea}
}

@techreport{LoadViewLoadTesting,
  author = {{LoadView}},
  title = {¿Qué es la prueba de carga? | Mejores prácticas en 2024},
  year = {2024},
  institution = {LoadView},
  url = {https://www.loadview-testing.com/es/mas-informacion-sobre-las-pruebas-de-carga/pruebas-de-carga/},
  urldate = {2024},
  note = {Acceso en línea}
}

@manual{PythonTesting,
  author = {{Python Software Foundation}},
  title = {Pruebas automatizadas con scripts de Python},
  year = {2024},
  url = {https://peerdh.com/es/blogs/programming-insights/automated-testing-with-python-scripts-3},
  urldate = {2024-12-28},
  note = {Acceso en línea}
}

@manual{NGINXAmplifyMonitoring,
  author = {{NGINX, Inc.}},
  title = {NGINX Amplify: Monitoriza tus servidores web NGINX},
  year = {2024},
  url = {https://www.xn--linuxenespaol-skb.com/herramientas/nginx-amplify-monitoriza-tus-servidores-web-nginx/},
  urldate = {2024-12-28},
  note = {Acceso en línea}
}
